<record><leader>00000cas a22000007a 4500</leader><controlfield tag="001">11740028</controlfield><controlfield tag="008">850227d187u1876pauwr ne      0    0eng d</controlfield><datafield ind1=" " ind2=" " tag="010"><subfield code="a">sn 85025429 </subfield></datafield><datafield ind1=" " ind2=" " tag="040"><subfield code="a">NPX</subfield><subfield code="b">eng</subfield><subfield code="c">NPX</subfield><subfield code="d">NPH</subfield><subfield code="d">OCLCQ</subfield><subfield code="d">DLC</subfield><subfield code="d">OCLCF</subfield></datafield><datafield ind1=" " ind2=" " tag="042"><subfield code="a">msc</subfield></datafield><datafield ind1=" " ind2=" " tag="043"><subfield code="a">n-us-pa</subfield></datafield><datafield ind1="0" ind2=" " tag="130"><subfield code="a">Times (New Bloomfield, Pa.)</subfield></datafield><datafield ind1="1" ind2="4" tag="245"><subfield code="a">The Times.</subfield></datafield><datafield ind1="1" ind2="3" tag="246"><subfield code="a">Bloomfield times</subfield></datafield><datafield ind1=" " ind2=" " tag="260"><subfield code="a">New Bloomfield, Pa. :</subfield><subfield code="b">F. Mortimer</subfield></datafield><datafield ind1=" " ind2=" " tag="300"><subfield code="a">v.</subfield></datafield><datafield ind1=" " ind2=" " tag="310"><subfield code="a">Weekly</subfield></datafield><datafield ind1="1" ind2=" " tag="362"><subfield code="a">Ceased in 1876?</subfield></datafield><datafield ind1=" " ind2=" " tag="588"><subfield code="a">Description based on: Vol. 10, no. 36 (Sept. 5, 1876).</subfield></datafield><datafield ind1=" " ind2="0" tag="651"><subfield code="a">New Bloomfield (Pa.)</subfield><subfield code="v">Newspapers.</subfield></datafield><datafield ind1=" " ind2="7" tag="655"><subfield code="a">Newspapers.</subfield><subfield code="2">fast</subfield><subfield code="0">(OCoLC)fst01423814</subfield></datafield><datafield ind1=" " ind2="7" tag="651"><subfield code="a">Pennsylvania</subfield><subfield code="z">New Bloomfield.</subfield><subfield code="2">fast</subfield><subfield code="0">(OCoLC)fst01230315</subfield></datafield><datafield ind1=" " ind2=" " tag="752"><subfield code="a">United States</subfield><subfield code="b">Pennsylvania</subfield><subfield code="c">Perry</subfield><subfield code="d">New Bloomfield.</subfield></datafield><datafield ind1="0" ind2="0" tag="780"><subfield code="t">Bloomfield times</subfield><subfield code="x">2327-5170</subfield><subfield code="w">(DLC)sn 84026050</subfield><subfield code="w">(OCoLC)10312034</subfield></datafield><datafield ind1="0" ind2="0" tag="785"><subfield code="t">New Bloomfield, Pa. times</subfield><subfield code="x">2327-6894</subfield><subfield code="w">(DLC)sn 90069164</subfield><subfield code="w">(OCoLC)21170413</subfield></datafield></record>